@article{Craig_2019,
  title={Польза физических упражнений и кардиореспираторной выносливости для здоровья},
  author={Крейг, Карлтон Л. и Маршалл, Элисон Л. и Шёстрём, Михаэль и Бауман, Адриан Е. и Бут, Майкл Л. и Эйнсуорт, Барбара Е. и Пратт, Майкл и Экелунд, Ульф и Юнгве, Агнета и Саллис, Джеймс Ф. и Оя, Пекка},
  journal={Британский журнал спортивной медицины},
  volume={34},
  number={2},
  pages={69-76},
  year={2019},
  publisher={BMJ Publishing Group Ltd and British Association of Sport and Exercise Medicine}
}

@article{Kraemer_2006,
  title={Обзор механизмов гормональной регуляции метаболизма при силовых тренировках},
  author={Креймер, Уильям Дж. и Ратамес, Николас А.},
  journal={Спортивная медицина},
  volume={36},
  number={1},
  pages={529-545},
  year={2006},
  publisher={Springer}
}

@article{Cotman_2002,
  title={Физическая активность как поведенческое вмешательство для улучшения здоровья мозга и пластичности},
  author={Котман, Карл У. и Берчтольд, Николь С.},
  journal={Тренды в нейронауках},
  volume={25},
  number={6},
  pages={295-301},
  year={2002},
  publisher={Elsevier}
}
