bibtex
@book{Khan_2015,
  title={ФЛОРБОЛ КАК ШКОЛЬНЫЙ ВИД СПОРТА: ПРИОРИТЕТЫ РАЗВИТИЯ},
  author={Овчинников Ю.Д.},
  year={2015},
  publisher={СпортПресс},
  address={Москва}
}

@book{Andersen_2018,
  title={История и развитие флорбола},
  author={Быков А.В.},
  year={2018},
  publisher={Олимпийская литература},
  address={Санкт-Петербург}
}

@book{Milton_2021,
  title={Стратегия и тактика в командных игровых видах спорта},
  author={Быков А.В.},
  year={2021},
  publisher={Спортивное издательство},
  address={Новосибирск}
}
