@misc{law149,
  title        = {{Федеральный закон} № 149-ФЗ «Об информации, информационных технологиях и о защите информации»},
  year         = {2006},
  howpublished = {Официальный интернет-портал правовой информации},
  note         = {Источник :contentReference[oaicite:0]{index=0}}
}

@misc{gk_part4,
  title        = {{Гражданский кодекс Российской Федерации}, часть IV (ФЗ № 230-ФЗ)},
  year         = {2006},
  howpublished = {Собрание законодательства РФ},
  note         = {Источник :contentReference[oaicite:1]{index=1}}
}

@misc{law152,
  title        = {{Федеральный закон} № 152-ФЗ «О персональных данных»},
  year         = {2006},
  howpublished = {Официальный интернет-портал правовой информации},
  note         = {Источник :contentReference[oaicite:2]{index=2}}
}

@misc{law38,
  title        = {{Федеральный закон} № 38-ФЗ «О рекламе»},
  year         = {2006},
  howpublished = {Официальный интернет-портал правовой информации},
  note         = {Источник :contentReference[oaicite:3]{index=3}}
}

@misc{law126,
  title        = {{Федеральный закон} № 126-ФЗ «О связи»},
  year         = {2003},
  howpublished = {Официальный интернет-портал правовой информации},
  note         = {Источник :contentReference[oaicite:4]{index=4}}
}

@misc{law90,
  title        = {{Федеральный закон} № 90-ФЗ (суверенный интернет / «Закон о Рунете»)},
  year         = {2019},
  howpublished = {Официальный интернет-портал правовой информации},
  note         = {Источник :contentReference[oaicite:5]{index=5}}
}

@misc{pp1236,
  title        = {{Постановление Правительства РФ} № 1236 «О приобретении российского программного обеспечения»},
  year         = {2015},
  howpublished = {Официальный интернет-портал правовой информации},
  note         = {Источник :contentReference[oaicite:6]{index=6}}
}

@misc{ukaz250,
  title        = {{Указ Президента РФ} № 250 «О дополнительных мерах по обеспечению информационной безопасности»},
  year         = {2022},
  howpublished = {Сайт Президента РФ},
  note         = {Источник :contentReference[oaicite:7]{index=7}}
}

@misc{koap1311,
  title        = {{КоАП РФ}, статья 13.11 «Неправомерная обработка персональных данных»},
  year         = {2002},
  howpublished = {Официальный интернет-портал правовой информации},
  note         = {Источник :contentReference[oaicite:8]{index=8}}
}

@misc{law63,
  title        = {{Федеральный закон} № 63-ФЗ «Об электронной подписи»},
  year         = {2011},
  howpublished = {Официальный интернет-портал правовой информации},
  note         = {Источник :contentReference[oaicite:9]{index=9}}
}

@misc{pp1598,
  title        = {{Постановление Правительства РФ} № 1598 «О предоставлении субсидий на Искусственный интеллект и Big Data»},
  year         = {2019},
  howpublished = {Официальный интернет-портал правовой информации},
  note         = {Источник :contentReference[oaicite:10]{index=10}}
}
