@book{nakhushev2007yuridicheskaya,
  title={Юридическая ответственность: общая теория},
  author={Нахушев, С.Б.},
  year={2007},
  publisher={Норма},
  address={Москва},
  language={russian}
}

@book{trochev2016konstitutsiya,
  title={Конституция и конституционное право: учебник},
  author={Трочев, Н.В.},
  year={2016},
  publisher={Юрайт},
  address={Москва},
  language={russian}
}

@book{malko2018sistema,
  title={Система законодательства Российской Федерации: учебное пособие},
  author={Малько, Е.А.},
  year={2018},
  publisher={Юристъ},
  address={Москва},
  language={russian}
}
