@book{ruiter2019dart,
  title={Beginning App Development with Dart: Create Cross-Platform Apps with Google’s Flutter},
  author={Ruiter, C.},
  year={2019},
  publisher={Apress},
  address={New York},
  language={english}
}

@book{meier2020github,
  title={Automate the Boring Stuff with GitHub Actions: Boost your GitHub workflows},
  author={Meier, J.},
  year={2020},
  publisher={Independent},
  address={San Francisco},
  language={english}
}

@book{patters2021practical,
  title={Practical Flutter: Improve your Mobile Development with Google’s Latest SDK},
  author={Patters, F.},
  year={2021},
  publisher={Apress},
  address={New York},
  language={english}
}

@book{t2020workflow,
  title={Essential Workflow Automation with GitHub Actions: Managing Code Deployments and DevOps Pipelines},
  author={Smith, T.},
  year={2020},
  publisher={Packt Publishing},
  address={Birmingham},
  language={english}
}

@book{hall2022dart,
  title={Dart Apprentice: Learning Dart as a Beginner},
  author={Hall, C.},
  year={2022},
  publisher={Razeware LLC},
  address={Boston},
  language={english}
}
