@misc{iso25010,
  title    = {ISO/IEC 25010:2011 — Systems and software quality models},
  url      = {https://www.iso.org/standard/35733.html},
  note     = {(дата обращения: 14.04.2025)},
  year     = {2025},
  language = {english}
}

@misc{cmmiinstitute,
  title    = {CMMI Institute — Официальный сайт},
  url      = {https://cmmiinstitute.com/},
  note     = {(дата обращения: 14.04.2025)},
  year     = {2025},
  language = {russian}
}

@misc{spice15504,
  title    = {ISO/IEC 15504 (SPICE) — Software Process Improvement and Capability Determination},
  url      = {https://www.iso.org/standard/43447.html},
  note     = {(дата обращения: 14.04.2025)},
  year     = {2025},
  language = {english}
}

@misc{iso12207,
  title    = {ISO/IEC 12207 — Systems and software engineering — Software life cycle processes},
  url      = {https://www.iso.org/standard/63712.html},
  note     = {(дата обращения: 14.04.2025)},
  year     = {2025},
  language = {english}
}

@misc{owasp,
  title    = {OWASP — Open Web Application Security Project},
  url      = {https://owasp.org/},
  note     = {(дата обращения: 14.04.2025)},
  year     = {2025},
  language = {english}
}

@misc{itil,
  title    = {ITIL — IT Service Management Best Practices},
  url      = {https://www.axelos.com/best-practice-solutions/itil},
  note     = {(дата обращения: 14.04.2025)},
  year     = {2025},
  language = {english}
}

@misc{agilemanifesto,
  title    = {Manifesto for Agile Software Development},
  url      = {https://agilemanifesto.org/},
  note     = {(дата обращения: 14.04.2025)},
  year     = {2025},
  language = {english}
}
