@misc{iso25010,
  title = {Международный стандарт ISO/IEC 25010},
  url   = {https://www.iso.org/standard/35733.html},
  note  = {Дата обращения: 14.04.2025},
  year = {2025},
}

@misc{cmmi,
  title = {Официальный ресурс CMMI Institute},
  url   = {https://cmmiinstitute.com/},
  note  = {Дата обращения: 14.04.2025},
  year = {2025},
}

@misc{owasp,
  title = {OWASP — Open Web Application Security Project},
  url   = {https://owasp.org/},
  note  = {Дата обращения: 14.04.2025},
  year = {2025},
}

@misc{devopsgroup,
  title = {Shift Left Testing: практический обзор},
  url   = {https://www.devopsgroup.com/blog/how-shift-left-testing-helps-improve-software-quality/},
  note  = {Дата обращения: 14.04.2025},
  year = {2025},
}

@misc{scrumorg,
  title = {Scrum.org — ресурсы по гибким методологиям разработки},
  url   = {https://www.scrum.org/},
  note  = {Дата обращения: 14.04.2025},
  year = {2025},
}

@misc{jetbrainscodequality,
  title = {Инструменты контроля качества кода: справочник JetBrains},
  url   = {https://www.jetbrains.com/help/idea/code-quality-tools.html},
  note  = {Дата обращения: 14.04.2025},
  year = {2025},
}

@misc{habrQuality,
  title = {Практики обеспечения качества ИС на Habr},
  url   = {https://habr.com/ru/company/otus/blog/},
  note  = {Дата обращения: 14.04.2025},
  year = {2025},
}

@misc{ibmInfosystems,
  title = {IBM: Базовые сведения об информационных системах},
  url   = {https://www.ibm.com/cloud/learn/information-systems},
  note  = {Дата обращения: 14.04.2025},
  year = {2025},
}

@misc{atlassianCI,
  title = {Atlassian: Основы непрерывной интеграции и поставки},
  url   = {https://www.atlassian.com/continuous-delivery/principles/continuous-integration},
  note  = {Дата обращения: 14.04.2025},
  year = {2025},
}
