
@book{freeman2019flutter,
  title={Flutter для начинающих: Введение в разработку кроссплатформенных мобильных приложений с использованием Flutter и Dart 2},
  author={Фриман, А.},
  year={2019},
  publisher={Packt Publishing},
  address={Бирмингем},
  language={английский}
}

@book{nurbekov2021ktor,
  title={Ktor для серверного Kotlin: Разработка асинхронных микросервисов с использованием Kotlin},
  author={Нурбеков, А.},
  year={2021},
  publisher={Apress},
  address={Нью-Йорк},
  language={английский}
}

@article{muller2021performance,
  title={Производительность кроссплатформенной мобильной разработки: Xamarin против Flutter},
  author={Мюллер, Л.},
  journal={Международный журнал инженерии программного обеспечения и знаний},
  year={2021},
  volume={31},
  number={2},
  pages={345--360},
  language={английский}
}

@book{gregory2020clean,
  title={Чистая архитектура с Flutter: Подход, готовый к производству},
  author={Грегори, Т.},
  year={2020},
  publisher={Издано самостоятельно},
  language={английский}
}
