@misc{iso9000,
  title        = {ISO 9000: Quality management systems — Fundamentals and vocabulary},
  howpublished = {International Organization for Standardization},
  url          = {https://www.iso.org/standard/45481.html},
  year         = {2025},
}

@misc{selenium,
  title        = {SeleniumHQ Browser Automation},
  howpublished = {Selenium Official Website},
  url          = {https://www.selenium.dev},
  year         = {2025},
}

@misc{junit,
  title        = {JUnit 5: Testing Framework for JVM},
  howpublished = {JUnit Official Website},
  url          = {https://junit.org},
  year         = {2025},
}

@misc{scrum,
  title        = {The 2020 Scrum Guide},
  howpublished = {Scrum Guides},
  url          = {https://scrumguides.org},
  year         = {2025},
  note         = {Accessed: 2025-04-14}
}

@misc{cmmi,
  title        = {Capability Maturity Model Integration (CMMI)},
  howpublished = {CMMI Institute},
  year         = {2025},
  url          = {https://cmmiinstitute.com},
}

@misc{jmeter,
  title        = {Apache JMeter™},
  howpublished = {Apache Software Foundation},
  year         = {2025},
  url          = {https://jmeter.apache.org},
}

@misc{agilemanifesto,
  title        = {Manifesto for Agile Software Development},
  howpublished = {Agile Manifesto},
  url          = {https://agilemanifesto.org},
  year         = {2025},
}
