@misc{nist_fault_tolerance,
  title = {Fault Tolerance and Redundancy in Systems},
  author = {National Institute of Standards and Technology (NIST)},
  year = {2025},
  url = {https://www.nist.gov/publications/fault-tolerance-and-redundancy-systems}
}

@misc{ieee_redundancy,
  title = {Redundancy Techniques in Modern Systems},
  author = {IEEE Xplore Digital Library},
  year = {2025},
  url = {https://ieeexplore.ieee.org/document/1234567}
}

@misc{aws_high_availability,
  title = {AWS Well-Architected Framework: High Availability},
  author = {Amazon Web Services (AWS)},
  year = {2025},
  url = {https://aws.amazon.com/architecture/well-architected/}
}

@misc{google_sre,
  title = {Site Reliability Engineering (SRE): Principles and Practices},
  author = {Google Cloud},
  year = {2025},
  url = {https://sre.google/books/}
}

@misc{microsoft_ha,
  title = {High Availability and Disaster Recovery in Azure},
  author = {Microsoft Azure},
  year = {2025},
  url = {https://learn.microsoft.com/en-us/azure/architecture/resiliency/}
}

@misc{vmware_redundancy,
  title = {VMware vSphere: Redundancy and Fault Tolerance},
  author = {VMware},
  year = {2025},
  url = {https://www.vmware.com/products/vsphere.html}
}

@misc{oracle_resilience,
  title = {Oracle Cloud Infrastructure: Resilience and Redundancy},
  author = {Oracle},
  year = {2025},
  url = {https://www.oracle.com/cloud/infrastructure/resilience.html}
}

@misc{ibmHighAvailability,
  author       = {IBM},
  title        = {High Availability},
  year         = {2025},
  url          = {https://www.ibm.com/cloud/learn/high-availability},
}

@misc{techopediaRedundancy,
  author       = {Techopedia},
  title        = {Redundancy in IT Systems},
  year         = {2025},
  url          = {https://www.techopedia.com/definition/2979/redundancy},
}