@book{alexeev2016norma,
  title={Норма права: структура и функции},
  author={Алексеев, В.С.},
  year={2016},
  publisher={Юристъ},
  address={Москва},
  language={russian}
}

@book{kozhevnikov2002pravo,
  title={Право и мораль: соотношение понятий},
  author={Кожевников, А.И.},
  year={2002},
  publisher={Изд-во СПбГУ},
  address={Санкт-Петербург},
  language={russian}
}

@book{ilin2014sistema,
  title={Система права России},
  author={Илин, В.Н.},
  year={2014},
  publisher={Юристъ},
  address={Москва},
  language={russian}
}