@online{ref1,
  title = {How to return table from MySQL function},
  url = {https://www.tutorialspoint.com/how-to-return-table-from-mysql-function},
  urldate = {2017-05-25}
}